<record><leader>00000cas a22000007a 4500</leader><controlfield tag="001">14948683</controlfield><controlfield tag="008">861210d18741877pauwr ne      0    0eng d</controlfield><datafield ind1=" " ind2=" " tag="010"><subfield code="a">sn 86053999 </subfield></datafield><datafield ind1=" " ind2=" " tag="040"><subfield code="a">NPX</subfield><subfield code="b">eng</subfield><subfield code="c">NPX</subfield><subfield code="d">NPH</subfield><subfield code="d">OCL</subfield><subfield code="d">OCLCQ</subfield></datafield><datafield ind1=" " ind2=" " tag="042"><subfield code="a">msc</subfield></datafield><datafield ind1="0" ind2="4" tag="245"><subfield code="a">The Union City enterprise.</subfield></datafield><datafield ind1=" " ind2=" " tag="260"><subfield code="a">Union City, Pa. :</subfield><subfield code="b">L.B. Thompson.</subfield></datafield><datafield ind1=" " ind2=" " tag="300"><subfield code="a">v.</subfield></datafield><datafield ind1=" " ind2=" " tag="310"><subfield code="a">Weekly</subfield></datafield><datafield ind1="1" ind2=" " tag="362"><subfield code="a">Began in 1874; ceased in Nov. 1877.</subfield></datafield><datafield ind1=" " ind2=" " tag="500"><subfield code="a">"Republican," &lt;1876&gt;.</subfield></datafield><datafield ind1=" " ind2=" " tag="500"><subfield code="a">Editor: H.T. Pratt, &lt;1876&gt;.</subfield></datafield><datafield ind1=" " ind2=" " tag="580"><subfield code="a">Continues: Enterprise (Waterford, Pa.). Cf. Hist. of Erie Co., Pa., 1884.</subfield></datafield><datafield ind1=" " ind2=" " tag="580"><subfield code="a">Continued by: Corry weekly herald (Corry, Pa.). Cf. Hist. of Erie Co., Pa., 1884.</subfield></datafield><datafield ind1=" " ind2=" " tag="588"><subfield code="a">Description based on: Vol. 1, no. 44 (Mar. 10, 1875).</subfield></datafield><datafield ind1=" " ind2=" " tag="752"><subfield code="a">United States</subfield><subfield code="b">Pennsylvania</subfield><subfield code="c">Erie</subfield><subfield code="d">Union City.</subfield></datafield><datafield ind1="1" ind2="0" tag="780"><subfield code="t">Enterprise (Waterford, Pa.)</subfield></datafield><datafield ind1="1" ind2="0" tag="785"><subfield code="t">Corry weekly herald (Corry, Pa. : 1877)</subfield><subfield code="w">(DLC)sn 89077572</subfield></datafield></record>